
<record>
  <controlfield tag="001">221767</controlfield>
  <datafield tag="035" ind1=" " ind2=" ">
    <subfield code="z">D85-12270</subfield>
    <subfield code="9">DESY</subfield>
  </datafield>
  <datafield tag="035" ind1=" " ind2=" ">
    <subfield code="a">Althoff:1985ez</subfield>
    <subfield code="9">SPIRESTeX</subfield>
  </datafield>
  <datafield tag="245" ind1=" " ind2=" ">
    <subfield code="a">INCLUSIVE PI0 PRODUCTION BY E+ E- ANNIHILATION AT 34.6-GEV CENTER-OF-MASS ENERGY</subfield>
  </datafield>
  <datafield tag="710" ind1=" " ind2=" ">
    <subfield code="g">TASSO</subfield>
  </datafield>
</record>